<?xml version="1.0" encoding="UTF-8"?><collection xmlns="http://www.loc.gov/MARC21/slim"><record><leader>00375nam--2200133-i-4500</leader><controlfield tag="001">000005145</controlfield><controlfield tag="002">20161230</controlfield><controlfield tag="005">20161230201026</controlfield><controlfield tag="008">060222s1000------------r-----000-0-eng-d</controlfield><datafield ind1=" " ind2=" " tag="100"><subfield code="a">Cyvin, Sven J</subfield></datafield><datafield ind1=" " ind2=" " tag="245"><subfield code="a">Present status of the study of mean amplitudes of vibration</subfield></datafield><datafield ind1=" " ind2=" " tag="260"><subfield code="a">Trondheim, F.Burns Bokhandel, 1959</subfield></datafield><datafield ind1=" " ind2=" " tag="490"><subfield code="a">Det Kgl.Norske Vid.Selsk.Skr</subfield></datafield><datafield ind1=" " ind2=" " tag="852"><subfield code="a">539.194</subfield></datafield></record></collection>